

@inproceedings{qian2016self,
  title={Self-Adaptive DNN for Improving Spoken Language Proficiency Assessment.},
  author={Qian, Yao and Wang, Xinhao and Evanini, Keelan and Suendermann-Oeft, David},
  year={2016}
}

@inproceedings{loukina2016automated,
  title={Automated scoring across different modalities},
  author={Loukina, Anastassia and Cahill, Aoife},
  booktitle={Proceedings of the 11th Workshop on Innovative Use of NLP for Building Educational Applications},
  pages={130--135},
  year={2016}
}

@article{cheng2015deep,
  title={Deep neural network acoustic models for spoken assessment applications},
  author={Cheng, Jian and Chen, Xin and Metallinou, Angeliki},
  journal={Speech Communication},
  volume={73},
  pages={14--27},
  year={2015},
  publisher={Elsevier}
}

@inproceedings{metallinou2014using,
  title={Using deep neural networks to improve proficiency assessment for children English language learners},
  author={Metallinou, Angeliki and Cheng, Jian},
  booktitle={Fifteenth Annual Conference of the International Speech Communication Association},
  year={2014}
}

@article{aldhanhani2020theories,
  title={Theories and Research on Oral Reading Fluency: What Is Needed?},
  author={Aldhanhani, Zainab R and Abu-Ayyash, Emad AS},
  journal={Theory and Practice in Language Studies},
  volume={10},
  number={4},
  pages={379--388},
  year={2020}
}

@article{didi,
  title={Learning Alignment for Multimodal Emotion Recognition from Speech},
  author={Haiyang Xu, Hui Zhang, Kun Han, Yun Wang, Yiping Peng, Xiangang Li},
  year={2019}
}